% Encoding: UTF-8


@article{最小冗余代码构造方法,
  author={Huffman, David A.},
  journal={Proceedings of the IRE}, 
  title={A Method for the Construction of Minimum-Redundancy Codes}, 
  year={1952},
  volume={40},
  number={9},
  pages={1098-1101},
  doi={10.1109/JRPROC.1952.273898}
}

@inproceedings{elias1955coding,
  title={Coding for two noisy channels},
  author={Elias, Peter},
  booktitle={Information Theory, 3rd London Symposium, London, England, Sept. 1955},
  year={1955}
}
@article{rissanen1976generalized,
  title={Generalized Kraft inequality and arithmetic coding},
  author={Rissanen, Jorma J},
  journal={IBM Journal of research and development},
  volume={20},
  number={3},
  pages={198--203},
  year={1976},
  publisher={IBM}
}
@article{wallace1992jpeg,
  title={The JPEG still picture compression standard},
  author={Wallace, Gregory K},
  journal={IEEE transactions on consumer electronics},
  volume={38},
  number={1},
  pages={xviii--xxxiv},
  year={1992},
  publisher={IEEE}
}
@article{rabbani2002jpeg2000,
  title={JPEG2000: Image compression fundamentals, standards and practice},
  author={Rabbani, Majid},
  journal={Journal of Electronic Imaging},
  volume={11},
  number={2},
  pages={286},
  year={2002},
  publisher={International Society for Optics and Photonics}
}
@article{balle2016end,
  title={End-to-end optimized image compression},
  author={Ball{\'e}, Johannes and Laparra, Valero and Simoncelli, Eero P},
  journal={arXiv preprint arXiv:1611.01704},
  year={2016}
}
@inproceedings{rippel2017real,
  title={Real-time adaptive image compression},
  author={Rippel, Oren and Bourdev, Lubomir},
  booktitle={International Conference on Machine Learning},
  pages={2922--2930},
  year={2017},
  organization={PMLR}
}
@inproceedings{toderici2017full,
  title={Full resolution image compression with recurrent neural networks},
  author={Toderici, George and Vincent, Damien and Johnston, Nick and Jin Hwang, Sung and Minnen, David and Shor, Joel and Covell, Michele},
  booktitle={Proceedings of the IEEE Conference on Computer Vision and Pattern Recognition},
  pages={5306--5314},
  year={2017}
}


@inproceedings{HVS,
  title={Why is image quality assessment so difficult?},
  author={ Zhou, W.  and  Bovik, A. C.  and  Lu, L. },
  booktitle={IEEE International Conference on Acoustics},
  year={2011},
}


@book{AppleproResWhiteBook,
  author          = {Apple Inc.},
  title           = {Apple ProRes White Paper},
  year            = {2020},
  url             = {https://www.apple.com/final-cut-pro/docs/Apple_ProRes_White_Paper.pdf},
}
